<record><leader>00000cas a22000007a 4500</leader><controlfield tag="001">11352295</controlfield><controlfield tag="008">841106c19849999nyuwn ne      0   a0eng d</controlfield><datafield ind1=" " ind2=" " tag="010"><subfield code="a">sn 84001772 </subfield></datafield><datafield ind1=" " ind2=" " tag="040"><subfield code="a">NSD</subfield><subfield code="b">eng</subfield><subfield code="c">NSD</subfield><subfield code="d">NYS</subfield><subfield code="d">OCLCQ</subfield><subfield code="d">NYG</subfield><subfield code="d">OCLCQ</subfield></datafield><datafield ind1=" " ind2=" " tag="012"><subfield code="m">1</subfield></datafield><datafield ind1="1" ind2=" " tag="022"><subfield code="a">8750-3824</subfield><subfield code="l">8750-3824</subfield><subfield code="2">1</subfield></datafield><datafield ind1=" " ind2=" " tag="032"><subfield code="a">729250</subfield><subfield code="b">USPS</subfield></datafield><datafield ind1=" " ind2=" " tag="037"><subfield code="b">Tioga County Courier, P.O. Box 374, Oswego, NY 13827</subfield></datafield><datafield ind1=" " ind2=" " tag="042"><subfield code="a">nsdp</subfield></datafield><datafield ind1=" " ind2="0" tag="222"><subfield code="a">Tioga County courier</subfield></datafield><datafield ind1="0" ind2="0" tag="245"><subfield code="a">Tioga County courier.</subfield></datafield><datafield ind1=" " ind2=" " tag="260"><subfield code="a">Owego, N.Y. :</subfield><subfield code="b">Mary Elizabeth Jones, Cheryll Connolly Berg</subfield></datafield><datafield ind1=" " ind2=" " tag="300"><subfield code="a">v.</subfield></datafield><datafield ind1=" " ind2=" " tag="310"><subfield code="a">Fifty-one issues yearly</subfield></datafield><datafield ind1="0" ind2=" " tag="362"><subfield code="a">[Vol. 1, no. 1] (Apr. 25, 1984)-</subfield></datafield><datafield ind1=" " ind2=" " tag="515"><subfield code="a">A "complimentary issue" published Apr. 25, 1984.</subfield></datafield><datafield ind1=" " ind2=" " tag="515"><subfield code="a">Numbering commences with: Vol. 1, no. 2 (May 9, 1984).</subfield></datafield><datafield ind1=" " ind2="4" tag="651"><subfield code="a">Owego (N.Y.)</subfield><subfield code="v">Newspapers.</subfield></datafield><datafield ind1=" " ind2="4" tag="651"><subfield code="a">Tioga County (N.Y.)</subfield><subfield code="v">Newspapers.</subfield></datafield><datafield ind1=" " ind2=" " tag="752"><subfield code="a">United States</subfield><subfield code="b">New York</subfield><subfield code="c">Tioga</subfield><subfield code="d">Owego.</subfield></datafield><datafield ind1="1" ind2=" " tag="029"><subfield code="a">AU@</subfield><subfield code="b">000020423568</subfield></datafield></record>